%Artigo de periodico
@article{article2016,
address={Local},
author={Autor Artigodeperiodico},
journal={Revista ou periódico},
number={Numero},
pages={Pagina inicial-Pagina final},  
title={Titulo},
volume={Volume},
year={Ano}
}


%Artigo de evento
@inproceedings{inproceedings2016,
address={Local da publicacao},
author={Autor Artigodeevento},
booktitle={Anais...},
conference-location={Local do evento},
conference-number={Numero do evento},
conference-year={Ano do evento},
title={Titulo do artigo},
organization={Nome do evento},
pages={Pagina inicial-Pagina final}, 
publisher={Entidade organizadora}, 
year={ano}
}


%Livro
@book{book2016,
address={Local},
author={Autor Livro},
edition={Numero da edição},
pages={Total de paginas},  
publisher={Editora},
title={Titulo},
year={ano}
}	


%Cap.de livro. (usado qdo autor do capitulo for o autor do livro)
@inbook{inbook2016,
address={Local},
author={Autor Capitulosemorganizador},
booktitle={Titulo do livro},
chapter={Numero do Capitulo},
edition={NUmero da edicao},
pages={Pagina inicial-Pagina final},  
publisher={Editora},
title={Titulo do capitulo},
year={Ano}
}


%Cap.de livro. (usado qdo autor do capitulo nao for o autor do livro) OBS: Nao muda o valor da linha editortype
@incollection{incollection2016,
address={Local},
author={Autor Capitulocomorganizador},
booktitle={Titulo do livro},
chapter={Num. do capitulo},
editor={Nome do Editor},
editortype={Org.},
edition={Numero da edicao},
pages={Pagina inicial-Pagina final},  
publisher={Editora},
title={Titulo},
year={Ano}
}


%Monografia - Graduacao
@monography{monographya2016,
address={Local},
author={Autor Monografiagraduacao},
school={Instituicao},
title={Titulo},
type={Gradua\c c\~ao em...},
year={Ano}
}

%Monografia - especializacao
@monography{monographyb2016,
address={Local},
author={Autor Monografiaespecializacao},
school={Instituicao},
title={Titulo},
type={Especializa\c c\~ao em...},
year={Ano}
}


%Dissertacao
@mastersthesis{masterthesis2016,
address={Local},
author={Autor Dissertacao},
pages={Total de paginas},
school={Instituicao},
title={Titulo},
type={Mestrado em...},
year={Ano}
}

%Tese
@phdthesis{phdthesis2016,
address={Local},
author={Autor Tese},
pages={Total de paginas},
school={Instituicao},
title={Titulo},
type={Doutorado em...},
year={Ano}}

%Manual
@manual{manual2016,
address={Local},
author={Autor Manual},
edition={edicao},
pages={Total de paginas},
organization={instituicao},
org-short={SIGLA},
title={Titulo},
year={Ano},
url={www.berg.com},
urlaccessdate={20 dez. de 2015}}


%EXEMPLO
@book{tanebaum2010,
	address={S\~{a}o Paulo},
	author={Andrew S. Tanebaum},
	edition={3},
	pages={638},  
	publisher={Pearlson Prentice Hall},
	title={Sistemas Operacionais Modernos},
	year={2010}}	
}