@misc{ChaosReport2015,
  title     = {Chaos Report, The Standish Group},
  author    = {Standish Group and others},
  year      = {2015},
  url       = {https://www.standishgroup.com/sample_research_files/CHAOSReport2015-Final.pdf},
  urlaccessdate = {6 de janeiro de 2021},
  date-added    = {2015},
  howpublished  = {PDF}
}

@book{FreemanPryce2009,
  title     = {Growing object-oriented software, guided by tests},
  author    = {Freeman, Steve and Pryce, Nat},
  year      = {2009},
  publisher = {Pearson Education, Inc},
  edition   = {1},
  address   = {Boston, MA}
}

@book{Oliveira1992,
  title     = {Piaget, Vygotsky, Wallon: teorias psicogenéticas em discussão},
  author    = {La Taille, Yves de and Oliveira, Marta Kohl de and Dantas, Heloysa de Lima},
  year      = {1992},
  publisher = {Editora Summus},
  address   = {São Paulo, SP},
  edition   = {1}
}

@misc{ManifestoAgil2001,
  title     = {Manifesto for agile software development},
  author    = {Beck, Kent and Beedle, Mike and Van Bennekum, Arie and Cockburn, Alistair and Cunningham, Ward and Fowler, Martin and Grenning, James and Highsmith, Jim and Hunt, Andrew and Jeffries, Ron and Martin, Robert C. and others},
  date-added    = {2001},
  howpublished  = {Website},
  url           = {https://agilemanifesto.org/},
  urlaccessdate = {6 de janeiro de 2021},
  year          = {2001}
}

@misc{Ferreira2018,
  author        = {Ferreira, Avelino},
  date-added    = {2018-07-10},
  howpublished  = {Post no Blog da Knowledge21},
  title         = {Garantia da qualidade de software com TDD (Test Driven Development)},
  url           = {https://knowledge21.com.br/blog/qualidade-de-software-com-tdd-test-driven-development/},
  urlaccessdate = {6 de janeiro de 2021},
  year          = {2018}
}
